@article{Sch15,
  title={The science behind the {Volkswagen} emissions scandal},
  author={Schiermeier, Quirin},
  journal={Nature News},
  volume={25},
  year={2015}
}

@misc{Lun14,
  title={Reproducible builds for {Debian}},
  author={Bobbio (Lunar), J},
  howpublished = {\url{https://archive.fosdem.org/2014/schedule/event/reproducibledebian/ }},
  journal={FOSDEM},
  month={February},
  year={2014},
  note = {Accessed: 2017-01-23}
}

@misc{tor14,
  title={Reproducible Builds: Moving Beyond Single Points of Failure for Software Distribution},
  author={Schoen, S and Perry, M},
  howpublished = {\url{https://media.ccc.de/v/31c3_-_6240_-_en_-_saal_g_-_201412271400_-_reproducible_builds_-_mike_perry_-_seth_schoen_-_hans_steiner}},
  journal={Chaos Communication Congress},
  month={December},
  year={2014},
  note = {Accessed: 2017-01-23}
}

@misc{tor13,
  title={Deterministic Builds Part One: Cyberwar and Global Compromise},
  author={Perry, M},
  howpublished = {\url{https://blog.torproject.org/blog/deterministic-builds-part-one-cyberwar-and-global-compromise }},
  year={2013},
  note = {Accessed: 2017-01-23}
}

@article{aberdour2007achieving,
  title={Achieving quality in open-source software},
  author={Aberdour, Mark},
  journal={IEEE software},
  volume={24},
  number={1},
  year={2007},
  publisher={IEEE}
}

@inproceedings{de2014challenges,
  title={Challenges and implications of verifiable builds for security-critical open-source software},
  author={de Carn{\'e} de Carnavalet, Xavier and Mannan, Mohammad},
  booktitle={Proceedings of the 30th Annual Computer Security Applications Conference},
  pages={16--25},
  year={2014},
  organization={ACM}
}

@misc{rb,
  title={Reproducible Builds},
  howpublished = {\url{https://reproducible-builds.org/}},
  note = {Accessed: 2017-01-23}
}

@misc{rb-def,
  title={Definition of Reproducible Builds},
  howpublished = {\url{https://reproducible-builds.org/docs/definition/}},
  note = {Accessed: 2017-01-23}
}

@misc{SDEspec,
  title={\texttt{SOURCE\_DATE\_EPOCH} specification},
  author = {Chris Lamb},
  howpublished = {\url{https://reproducible-builds.org/specs/source-date-epoch/}},
  note = {Accessed: 2017-01-23}
}

@misc{tests-rbo,
  title={Continuous tests of {Debian} packages reproducibility},
  howpublished = {\url{https://tests.reproducible-builds.org/debian/reproducible.html}},
  note = {Accessed: 2017-01-23}
}

@misc{dfs,
  title={Diffoscope},
  howpublished = {\url{https://diffoscope.org/}},
  note = {Accessed: 2017-01-23}
}

@misc{dfs-git,
  title={Diffoscope {Git} repository},
  howpublished = {\url{https://anonscm.debian.org/git/reproducible/diffoscope.git}},
  note = {Accessed: 2017-01-23}
}

@misc{dfs-bugs,
  title={Diffoscope bug and feature requests},
  howpublished = {\url{https://bugs.debian.org/src:diffoscope}},
  note = {Accessed: 2017-01-23}
}

@misc{try-dfs,
  title={trydiffoscope: diffoscope online version},
  howpublished = {\url{https://try.diffoscope.org/}},
  note = {Accessed: 2017-01-23}
}

@online{lca2017_valerie,
        title = {Reproducible Builds for a Better Future},
        author = {Valerie Young},
        journal={linux.conf.au},
        howpublished = {\url{https://www.youtube.com/watch?v=-nMVfmZL8zk}},  
        month =    {January},
        year =     2017,
        note = {Accessed: 2017-01-23}
    }
 
 @online{MiniDebConfCambridge2016,
        title = {Reproducible builds status update},
        author = {Chris Lamb},
        journal={MiniDebConfCambridge},
        howpublished = {\url{https://people.debian.org/~lamby/2016-11-13-MiniDebConfCambridge/#/}},  
        month =    {November},
        year =     2016,
        note = {Accessed: 2017-01-23}
    }

@misc{osdm,
  title={The Open Source Development Model: Overview, Benefits and Recommendations},
  author={Ibrahim Haddad},
  howpublished = {\url{http://aaaea.org/Al-muhandes/2008/February/open_src_dev_model.htm}}, 
  note = {Accessed: 2017-01-24}
}

@misc{andr,
  title={Android {API} Guides - {App} Manifest},
  author={Android Developers Portal},
  howpublished = {\url{https://developer.android.com/guide/topics/manifest/manifest-intro.html}}, 
  note = {Accessed: 2017-01-24}
}

@misc{hps,
  title={{HideProfilesSpecification}},
  journal={Debian Wiki},
  howpublished = {\url{https://wiki.debian.org/ReproducibleBuilds/HideProfilesSpecification}}, 
  note = {Accessed: 2017-01-24}
}

@article{hoepman2007increased,
  title={Increased security through open source},
  author={Hoepman, Jaap-Henk and Jacobs, Bart},
  journal={Communications of the ACM},
  volume={50},
  number={1},
  pages={79--83},
  year={2007},
  publisher={ACM}
}
